@BOOK{KWW_book,
       author = {{Kippenhahn}, Rudolf and {Weigert}, Alfred and {Weiss}, Achim},
        title = "{Stellar Structure and Evolution}",
         year = 2013,
    publisher = "{Springer}",
          doi = {10.1007/978-3-642-30304-3},
       adsurl = {https://ui.adsabs.harvard.edu/abs/2013sse..book.....K},
      adsnote = {Provided by the SAO/NASA Astrophysics Data System}
}

@misc{EracleousPSU,
  author       = "{{Eracleous}, Michael}",
  title        = "Stellar Structure and Evolution",
  howpublished = "The Pennsylvania State University, ASTRO 414",
  month        = "January - April",
  year         = "2022",
  note         = "Undergraduate Course",
}

@BOOK{HK_book,
       author = {{Hansen}, Carl J. and {Kawaler}, Steven D.},
        title = "{Stellar Interiors. Physical Principles, Structure, and Evolution.}",
         year = 1994,
        publisher = "{Springer-Verlag}",
          doi = {10.1007/978-1-4419-9110-2},
       adsurl = {https://ui.adsabs.harvard.edu/abs/1994sipp.book.....H},
      adsnote = {Provided by the SAO/NASA Astrophysics Data System}
}

@BOOK{Cox_Giuli_vol1,
       author = {{Cox}, J.~P. and {Giuli}, R.~T.},
        title = "{Principles of stellar structure}",
         year = 1968,
        volume = 1,
        publisher = "{Gordon and Breach}",
       adsurl = {https://ui.adsabs.harvard.edu/abs/1968pss..book.....C},
      adsnote = {Provided by the SAO/NASA Astrophysics Data System}
}

@BOOK{Cox_Giuli_vol2,
       author = {{Cox}, J.~P. and {Giuli}, R.~T.},
        title = "{Principles of stellar structure}",
         year = 1968,
        volume = 2,
        publisher = "{Gordon and Breach}",
       adsurl = {https://ui.adsabs.harvard.edu/abs/1968pss..book.....C},
      adsnote = {Provided by the SAO/NASA Astrophysics Data System}
}

@book{Shaviv_history,
author = {Shaviv, Giora},
year = {2009},
month = {01},
pages = {1-504},
title = {The Life of Stars: The Controversial Inception and Emergence of the Theory of Stellar Structure},
isbn = {978-3-642-02087-2},
publisher = "{Springer}",
journal = {The Life of Stars: The Controversial Inception and Emergence of the Theory of Stellar Structure},
doi = {10.1007/978-3-642-02088-9}
}

@BOOK{Prialnik,
       author = {{Prialnik}, Dina},
        title = "{An Introduction to the Theory of Stellar Structure and Evolution}",
         year = 2000,
        publisher = "{Cambridge University Press}",
       adsurl = {https://ui.adsabs.harvard.edu/abs/2000itss.book.....P},
      adsnote = {Provided by the SAO/NASA Astrophysics Data System}
}

@BOOK{BoB,
       author = {{Carroll}, Bradley W. and {Ostlie}, Dale A.},
        title = "{An introduction to modern astrophysics, Second Edition}",
         year = 2017,
        publisher = "{Addison-Wesley Publishing Company}",
       adsurl = {https://ui.adsabs.harvard.edu/abs/2017imas.book.....C},
      adsnote = {Provided by the SAO/NASA Astrophysics Data System}
}

@article{Robles_2008,
   title={A Comprehensive Comparison of the Sun to Other Stars: Searching for Self‐Selection Effects},
   volume={684},
   ISSN={1538-4357},
   url={http://dx.doi.org/10.1086/589985},
   DOI={10.1086/589985},
   number={1},
   journal={The Astrophysical Journal},
   publisher={American Astronomical Society},
   author={Robles, José A. and Lineweaver, Charles H. and Grether, Daniel and Flynn, Chris and Egan, Chas A. and Pracy, Michael B. and Holmberg, Johan and Gardner, Esko},
   year={2008},
   month=sep, pages={691–706} }

@article{Gustafsson_2008,
doi = {10.1088/0031-8949/2008/T130/014036},
url = {https://dx.doi.org/10.1088/0031-8949/2008/T130/014036},
year = {2008},
month = {jul},
publisher = {The Royal Swedish Academy of Sciences},
volume = {2008},
number = {T130},
pages = {014036},
author = {B Gustafsson},
title = {Is the Sun unique as a star—and if so, why?},
journal = {Physica Scripta},
}

@article{Serenelli_2016,
   title={Alive and well: A short review about standard solar models},
   volume={52},
   ISSN={1434-601X},
   url={http://dx.doi.org/10.1140/epja/i2016-16078-1},
   DOI={10.1140/epja/i2016-16078-1},
   number={4},
   journal={The European Physical Journal A},
   publisher={Springer Science and Business Media LLC},
   author={Serenelli, Aldo},
   year={2016},
   month=apr }

@article{Gamow1938,
  title = {Nuclear Energy Sources and Stellar Evolution},
  author = {Gamow, G.},
  journal = {Phys. Rev.},
  volume = {53},
  issue = {7},
  pages = {595--604},
  numpages = {0},
  year = {1938},
  month = {Apr},
  publisher = {American Physical Society},
  doi = {10.1103/PhysRev.53.595},
  url = {https://link.aps.org/doi/10.1103/PhysRev.53.595}
}

@article{Christensen_Dalsgaard_2021,
   title={Solar structure and evolution},
   volume={18},
   ISSN={1614-4961},
   url={http://dx.doi.org/10.1007/s41116-020-00028-3},
   DOI={10.1007/s41116-020-00028-3},
   number={1},
   journal={Living Reviews in Solar Physics},
   publisher={Springer Science and Business Media LLC},
   author={Christensen-Dalsgaard, Jørgen},
   year={2021},
   month=apr }

@ARTICLE{Lane1870,
       author = {{Lane}, H.~J.},
        title = "{On the theoretical temperature of the Sun, under the hypothesis of a gaseous mass maintaining its volume by its internal heat, and depending on the laws of gases as known to terrestrial experiment}",
      journal = {American Journal of Science},
         year = 1870,
        month = jul,
       volume = {50},
       number = {148},
        pages = {57-74},
          doi = {10.2475/ajs.s2-50.148.57},
       adsurl = {https://ui.adsabs.harvard.edu/abs/1870AmJS...50...57L},
      adsnote = {Provided by the SAO/NASA Astrophysics Data System}
}

@BOOK{Eddington1926,
       author = {{Eddington}, A.~S.},
        title = "{The Internal Constitution of the Stars}",
         year = 1926,
        publisher= "{Cambridge University Press}",
       adsurl = {https://ui.adsabs.harvard.edu/abs/1926ics..book.....E},
      adsnote = {Provided by the SAO/NASA Astrophysics Data System}
}

@BOOK{Chandrasekhar1939,
       author = {{Chandrasekhar}, Subrahmanyan},
        title = "{An introduction to the study of stellar structure}",
         year = 1939,
        publisher= "{The University of Chicago Press}",
       adsurl = {https://ui.adsabs.harvard.edu/abs/1939isss.book.....C},
      adsnote = {Provided by the SAO/NASA Astrophysics Data System}
}

@article{Feulner_2012,
   title={The faint young Sun problem},
   volume={50},
   ISSN={1944-9208},
   url={http://dx.doi.org/10.1029/2011RG000375},
   DOI={10.1029/2011rg000375},
   number={2},
   journal={Reviews of Geophysics},
   publisher={American Geophysical Union (AGU)},
   author={Feulner, Georg},
   year={2012},
   month=may }

@ARTICLE{Henyey1964,
       author = {{Henyey}, L.~G. and {Forbes}, J.~E. and {Gould}, N.~L.},
        title = "{A New Method of Automatic Computation of Stellar Evolution.}",
      journal = {apj},
         year = 1964,
        month = jan,
       volume = {139},
        pages = {306},
          doi = {10.1086/147754},
       adsurl = {https://ui.adsabs.harvard.edu/abs/1964ApJ...139..306H},
      adsnote = {Provided by the SAO/NASA Astrophysics Data System}
}

@article{Bahcall_2005,
   title={New Solar Opacities, Abundances, Helioseismology, and Neutrino Fluxes},
   volume={621},
   ISSN={1538-4357},
   url={http://dx.doi.org/10.1086/428929},
   DOI={10.1086/428929},
   number={1},
   journal={The Astrophysical Journal},
   publisher={American Astronomical Society},
   author={Bahcall, John N. and Serenelli, Aldo M. and Basu, Sarbani},
   year={2005},
   month=jan, pages={L85–L88} }

@article{Connelly2012,
author = {Connelly, James and Bizzarro, Martin and Krot, Alexander and Nordlund, Aake and Wielandt, D. and Ivanova, M.},
year = {2012},
month = {11},
pages = {651-5},
title = {The Absolute Chronology and Thermal Processing of Solids in the Solar Protoplanetary Disk},
volume = {338},
journal = {Science (New York, N.Y.)},
doi = {10.1126/science.1226919}
}

@article{Kopp_2016,
   title={The Impact of the Revised Sunspot Record on Solar Irradiance Reconstructions},
   volume={291},
   ISSN={1573-093X},
   url={http://dx.doi.org/10.1007/s11207-016-0853-x},
   DOI={10.1007/s11207-016-0853-x},
   number={9–10},
   journal={Solar Physics},
   publisher={Springer Science and Business Media LLC},
   author={Kopp, G. and Krivova, N. and Wu, C. J. and Lean, J.},
   year={2016},
   month=mar, pages={2951–2965} }

@BOOK{Clayton1983,
       author = {{Clayton}, Donald D.},
        title = "{Principles of stellar evolution and nucleosynthesis}",
         year = 1983,
        publisher = "{McGraw-Hill}",
       adsurl = {https://ui.adsabs.harvard.edu/abs/1983psen.book.....C},
      adsnote = {Provided by the SAO/NASA Astrophysics Data System}
}

@BOOK{Rolfs1988,
       author = {{Rolfs}, Claus E. and {Rodney}, William S.},
        title = "{Cauldrons in the cosmos : nuclear astrophysics}",
         year = 1988,
    publisher = "{University of Chicago Press}",
       adsurl = {https://ui.adsabs.harvard.edu/abs/1988ccna.book.....R},
      adsnote = {Provided by the SAO/NASA Astrophysics Data System}
}

@book{sagan1985cosmos,
  title={Cosmos},
  author={{Sagan}, Carl},
  isbn={9780345331359},
  lccn={80005286},
  series={Cognitive systems monographs},
  url={https://books.google.com/books?id=_-XhL6_xsVkC},
  year={1985},
  publisher={Ballantine Books}
}

@article{Bethe1939,
  title = {Energy Production in Stars},
  author = {Bethe, H. A.},
  journal = {Phys. Rev.},
  volume = {55},
  issue = {5},
  pages = {434--456},
  numpages = {0},
  year = {1939},
  month = {Mar},
  publisher = {American Physical Society},
  doi = {10.1103/PhysRev.55.434},
  url = {https://link.aps.org/doi/10.1103/PhysRev.55.434}
}

@BOOK{Phillips1999,
       author = {{Phillips}, A.~C.},
        title = "{The Physics of Stars, 2nd Edition}",
         year = 1999,
       adsurl = {https://ui.adsabs.harvard.edu/abs/1999phst.book.....P},
    publisher = {John Wiley $\&$ Sons Ltd.},
      adsnote = {Provided by the SAO/NASA Astrophysics Data System}
}

@ARTICLE{Saltpeter1954,
       author = {{Salpeter}, E.~E.},
        title = "{Electrons Screening and Thermonuclear Reactions}",
      journal = {Australian Journal of Physics},
         year = 1954,
        month = sep,
       volume = {7},
        pages = {373},
          doi = {10.1071/PH540373},
       adsurl = {https://ui.adsabs.harvard.edu/abs/1954AuJPh...7..373S},
      adsnote = {Provided by the SAO/NASA Astrophysics Data System}
}

@book{bahcall1989neutrino,
  title={Neutrino Astrophysics},
  author={Bahcall, J.N.},
  isbn={9780521379755},
  lccn={lc88039165},
  url={https://books.google.com/books?id=8GIP7uNMhlsC},
  year={1989},
  publisher={Cambridge University Press}
}

@article{Haberreiter_2008,
   title={Solving the Discrepancy between the Seismic and Photospheric Solar Radius},
   volume={675},
   ISSN={1538-4357},
   url={http://dx.doi.org/10.1086/529492},
   DOI={10.1086/529492},
   number={1},
   journal={The Astrophysical Journal},
   publisher={American Astronomical Society},
   author={Haberreiter, M. and Schmutz, W. and Kosovichev, A. G.},
   year={2008},
   month=jan, pages={L53–L56} }

@article{Gough_2015,
   title={Some Glimpses from Helioseismology at the Dynamics of the Deep Solar Interior},
   volume={196},
   ISSN={1572-9672},
   url={http://dx.doi.org/10.1007/s11214-015-0159-6},
   DOI={10.1007/s11214-015-0159-6},
   number={1–4},
   journal={Space Science Reviews},
   publisher={Springer Science and Business Media LLC},
   author={Gough, D. O.},
   year={2015},
   month=may, pages={15–47} }

@article{Turck2011,
   title={Solar neutrinos, helioseismology and the solar internal dynamics},
   volume={74},
   ISSN={1361-6633},
   url={http://dx.doi.org/10.1088/0034-4885/74/8/086901},
   DOI={10.1088/0034-4885/74/8/086901},
   number={8},
   journal={Reports on Progress in Physics},
   publisher={IOP Publishing},
   author={Turck-Chièze, Sylvaine and Couvidat, Sébastien},
   year={2011},
   month=aug, pages={086901} }

@article{Vinyoles_2017,
   title={A New Generation of Standard Solar Models},
   volume={835},
   ISSN={1538-4357},
   url={http://dx.doi.org/10.3847/1538-4357/835/2/202},
   DOI={10.3847/1538-4357/835/2/202},
   number={2},
   journal={The Astrophysical Journal},
   publisher={American Astronomical Society},
   author={Vinyoles, Núria and Serenelli, Aldo M. and Villante, Francesco L. and Basu, Sarbani and Bergström, Johannes and Gonzalez-Garcia, M. C. and Maltoni, Michele and Peña-Garay, Carlos and Song, Ningqiang},
   year={2017},
   month=jan, pages={202} }

@inbook{Bergemann_2014,
   title={Solar Abundance Problem},
   ISBN={9783319069562},
   ISSN={2190-5207},
   url={http://dx.doi.org/10.1007/978-3-319-06956-2_21},
   DOI={10.1007/978-3-319-06956-2_21},
   booktitle={GeoPlanet: Earth and Planetary Sciences},
   publisher={Springer International Publishing},
   author={Bergemann, Maria and Serenelli, Aldo},
   year={2014},
   pages={245–258} }

@article{Villante2019AnUD,
  title={An updated discussion of the solar abundance problem},
  author={F. L. Villante and Aldo Serenelli},
  journal={Solar Neutrinos},
  year={2019},
  url={https://api.semanticscholar.org/CorpusID:187701364}
}

@article{Buldgen_2019,
   title={Combining multiple structural inversions to constrain the solar modelling problem},
   volume={621},
   ISSN={1432-0746},
   url={http://dx.doi.org/10.1051/0004-6361/201833971},
   DOI={10.1051/0004-6361/201833971},
   journal={Astronomy \& Astrophysics},
   publisher={EDP Sciences},
   author={Buldgen, G. and Salmon, S. J. A. J. and Noels, A. and Scuflaire, R. and Montalban, J. and Baturin, V. A. and Eggenberger, P. and Gryaznov, V. K. and Iosilevskiy, I. L. and Meynet, G. and Chaplin, W. J. and Miglio, A. and Oreshina, A. V. and Richard, O. and Starostin, A. N.},
   year={2019},
   month=jan, pages={A33} }

@article{Hanasoge_2016,
   title={Seismic Sounding of Convection in the Sun},
   volume={48},
   ISSN={1545-4479},
   url={http://dx.doi.org/10.1146/annurev-fluid-122414-034534},
   DOI={10.1146/annurev-fluid-122414-034534},
   number={1},
   journal={Annual Review of Fluid Mechanics},
   publisher={Annual Reviews},
   author={Hanasoge, Shravan and Gizon, Laurent and Sreenivasan, Katepalli R.},
   year={2016},
   month=jan, pages={191–217} }

@article{Basu_2008,
   title={Helioseismology and solar abundances},
   volume={457},
   ISSN={0370-1573},
   url={http://dx.doi.org/10.1016/j.physrep.2007.12.002},
   DOI={10.1016/j.physrep.2007.12.002},
   number={5–6},
   journal={Physics Reports},
   publisher={Elsevier BV},
   author={Basu, Sarbani and Antia, H.M.},
   year={2008},
   month=mar, pages={217–283} }

@ARTICLE{CD1985Nature,
       author = {{Christensen-Dalsgaard}, J. and {Duvall}, T.~L., Jr. and {Gough}, D.~O. and {Harvey}, J.~W. and {Rhodes}, E.~J., Jr.},
        title = "{Speed of sound in the solar interior}",
      journal = {Nature},
     keywords = {Acoustic Velocity, Asymptotic Methods, Helioseismology, Photosphere, Solar Interior, Solar Oscillations, Differential Equations, Doppler Effect, Wave Propagation, Solar Physics},
         year = 1985,
        month = may,
       volume = {315},
       number = {6018},
        pages = {378-382},
          doi = {10.1038/315378a0},
       adsurl = {https://ui.adsabs.harvard.edu/abs/1985Natur.315..378C},
      adsnote = {Provided by the SAO/NASA Astrophysics Data System}
}

@BOOK{PulsatingCox,
       author = {{Cox}, John P.},
        title = "{Theory of Stellar Pulsation. (PSA-2), Volume 2}",
         year = 1980,
       volume = {2},
        publisher = "{Princeton University Press}",
       adsurl = {https://ui.adsabs.harvard.edu/abs/1980tsp..book.....C},
      adsnote = {Provided by the SAO/NASA Astrophysics Data System}
}

@inbook{Pall2015,
   title={Helioseismology: Observations and space missions},
   url={http://dx.doi.org/10.1017/CBO9781107300668.005},
   DOI={10.1017/cbo9781107300668.005},
   booktitle={Extraterrestrial Seismology},
   publisher={Cambridge University Press},
   author={Pallé, P. L. and Appourchaux, T. and Christensen-Dalsgaard, J. and García, R. A.},
   year={2015},
   month=jun, pages={25–35} }

@article{CDHelioseismology,
   title={Helioseismology},
   volume={74},
   ISSN={1539-0756},
   url={http://dx.doi.org/10.1103/RevModPhys.74.1073},
   DOI={10.1103/revmodphys.74.1073},
   number={4},
   journal={Reviews of Modern Physics},
   publisher={American Physical Society (APS)},
   author={Christensen-Dalsgaard, Jørgen},
   year={2002},
   month=nov, pages={1073–1129} }

@ARTICLE{OSUGamma2018,
       author = {{Linden}, Tim and {Zhou}, Bei and {Beacom}, John F. and {Peter}, Annika H.~G. and {Ng}, Kenny C.~Y. and {Tang}, Qing-Wen},
        title = "{Evidence for a New Component of High-Energy Solar Gamma-Ray Production}",
      journal = {Physics Review Letters},
     keywords = {Astrophysics - High Energy Astrophysical Phenomena, Astrophysics - Solar and Stellar Astrophysics, High Energy Physics - Phenomenology},
         year = 2018,
        month = sep,
       volume = {121},
       number = {13},
          eid = {131103},
        pages = {131103},
          doi = {10.1103/PhysRevLett.121.131103},
archivePrefix = {arXiv},
       eprint = {1803.05436},
 primaryClass = {astro-ph.HE},
       adsurl = {https://ui.adsabs.harvard.edu/abs/2018PhRvL.121m1103L},
      adsnote = {Provided by the SAO/NASA Astrophysics Data System}
}

@article{SK2024,
   title={Solar neutrino measurements using the full data period of Super-Kamiokande-IV},
   volume={109},
   ISSN={2470-0029},
   url={http://dx.doi.org/10.1103/PhysRevD.109.092001},
   DOI={10.1103/physrevd.109.092001},
   number={9},
   journal={Physical Review D},
   publisher={American Physical Society (APS)},
   author={Kamiokande Collaboration},
   year={2024},
   month=may }

@article{Ranjan2023,
    author = "Maity, Tarak Nath and Saha, Akash Kumar and Mondal, Sagnik and Laha, Ranjan",
    journal = {Submitted},
    title = "{Neutrinos from the Sun can discover dark matter-electron scattering}",
    eprint = "2308.12336",
    archivePrefix = "arXiv",
    primaryClass = "hep-ph",
    reportNumber = "HRI-RECAPP-2023-03",
    month = "8",
    year = "2023"
}

@article{Puzzoni2023,
    author = "Puzzoni, Eleonora and Fraschetti, Federico and Kota, Jozsef and Giacalone, Joe",
    title = "{Modeling the gamma-ray emission from the Sun}",
    doi = "10.22323/1.444.0662",
    journal = "PoS",
    volume = "ICRC2023",
    pages = "662",
    year = "2023"
}

@article{IceCube2016,
    author = "Aartsen, M. G. and others",
    collaboration = "IceCube",
    title = "{Search for annihilating dark matter in the Sun with 3 years of IceCube data}",
    eprint = "1612.05949",
    archivePrefix = "arXiv",
    primaryClass = "astro-ph.HE",
    doi = "10.1140/epjc/s10052-017-4689-9",
    journal = "Eur. Phys. J. C",
    volume = "77",
    number = "3",
    pages = "146",
    year = "2017",
    note = "[Erratum: Eur.Phys.J.C 79, 214 (2019)]"
}

@article{Borexino2017,
    author = "Agostini, M. and others",
    collaboration = "Borexino",
    title = "{Limiting neutrino magnetic moments with Borexino Phase-II solar neutrino data}",
    eprint = "1707.09355",
    archivePrefix = "arXiv",
    primaryClass = "hep-ex",
    doi = "10.1103/PhysRevD.96.091103",
    journal = "Phys. Rev. D",
    volume = "96",
    number = "9",
    pages = "091103",
    year = "2017"
}

@article{DAVIS199413,
title = {A review of the homestake solar neutrino experiment},
journal = {Progress in Particle and Nuclear Physics},
volume = {32},
pages = {13-32},
year = {1994},
issn = {0146-6410},
doi = {https://doi.org/10.1016/0146-6410(94)90004-3},
url = {https://www.sciencedirect.com/science/article/pii/0146641094900043},
author = {Raymond Davis},
abstract = {The observations from the Homestake radiochemical solar neutrino experiment over the period 1970 to 1992 are given. The observations will be compared to those from the Kamiokande II experiment, the gallium experiments and solar model calculations. A discussion is given of the question of a possible variation of the solar neutrino flux in anticorrelation with the solar activity cycle. The operation of the Homestake experiment, the sensitivity to the solar neutrino spectrum, the background processes and the various tests that have been performed are given in some detail. The Homestake and Kamiokande II experiments are compared on the basis of the standard model and the flux of 8B neutrinos. There is agreement between these two experiments during the period June 1987 to April 1990 when both experiments were observing. The average 8B neutrino flux during this period was (2.2 ± 0.2) × 106 cm−2sec−1. A non-standard solar model of Sienkiewicz, Bahcall, and Paczynski (1990) which presumes that 50% of the core of the Sun is continually mixed on a slow time scale accounts for this reduced 8B flux and the total neutrino capture rate of the chlorine and gallium experiments.}
}

@article{SNoscillations,
  title = {Measurement of the Rate of ${\ensuremath{\nu}}_{e}+\mathit{d}\ensuremath{\rightarrow}\mathit{p}+\mathit{p}+{\mathit{e}}^{\ensuremath{-}}$ Interactions Produced by $^{8}B$ Solar Neutrinos at the Sudbury Neutrino Observatory},
  author = {SNO Collaboration},
  collaboration = {SNO Collaboration},
  journal = {Phys. Rev. Lett.},
  volume = {87},
  issue = {7},
  pages = {071301},
  numpages = {6},
  year = {2001},
  month = {Jul},
  publisher = {American Physical Society},
  doi = {10.1103/PhysRevLett.87.071301},
  url = {https://link.aps.org/doi/10.1103/PhysRevLett.87.071301}
}

@ARTICLE{Burros1987,
       author = {{Burrows}, Adam and {Lattimer}, James M.},
        title = "{Neutrinos from SN 1987A}",
      journal = {The Astrophysical Journal},
     keywords = {Neutrinos, Stellar Cores, Stellar Evolution, Stellar Physics, Supernova 1987a, Diffusion, Neutron Stars, Particle Diffusion, Shock Waves, Stellar Models, Astrophysics, NEUTRINOS, STARS: COLLAPSED, STARS: EVOLUTION, STARS: SUPERNOVAE},
         year = 1987,
        month = jul,
       volume = {318},
        pages = {L63},
          doi = {10.1086/184938},
       adsurl = {https://ui.adsabs.harvard.edu/abs/1987ApJ...318L..63B},
      adsnote = {Provided by the SAO/NASA Astrophysics Data System}
}

@article{Esteban2018,
    author = "Esteban, Ivan and Gonzalez-Garcia, M. C. and Hernandez-Cabezudo, Alvaro and Maltoni, Michele and Schwetz, Thomas",
    title = "{Global analysis of three-flavour neutrino oscillations: synergies and tensions in the determination of $\theta_{23}$, $\delta_{CP}$, and the mass ordering}",
    eprint = "1811.05487",
    archivePrefix = "arXiv",
    primaryClass = "hep-ph",
    reportNumber = "IFT-UAM/CSIC-18-112, YITP-SB-18-34",
    doi = "10.1007/JHEP01(2019)106",
    journal = "JHEP",
    volume = "01",
    pages = "106",
    year = "2019"
}

@article{deSalas2020,
    author = "de Salas, P. F. and Forero, D. V. and Gariazzo, S. and Mart\'\i{}nez-Mirav\'e, P. and Mena, O. and Ternes, C. A. and T\'ortola, M. and Valle, J. W. F.",
    title = "{2020 global reassessment of the neutrino oscillation picture}",
    eprint = "2006.11237",
    archivePrefix = "arXiv",
    primaryClass = "hep-ph",
    doi = "10.1007/JHEP02(2021)071",
    journal = "JHEP",
    volume = "02",
    pages = "071",
    year = "2021"
}

@article{Capozzi2019,
   title={DUNE as the Next-Generation Solar Neutrino Experiment},
   volume={123},
   ISSN={1079-7114},
   url={http://dx.doi.org/10.1103/PhysRevLett.123.131803},
   DOI={10.1103/physrevlett.123.131803},
   number={13},
   journal={Physical Review Letters},
   publisher={American Physical Society (APS)},
   author={Capozzi, Francesco and Li, Shirley Weishi and Zhu, Guanying and Beacom, John F.},
   year={2019},
   month=sep }

@article{LaberSmith:2024,
    author = "Laber-Smith, Caroline and Armstrong, Eve and Balantekin, A. Baha and Jones, Elizabeth K. and Newkirk, Lily and Patwardhan, Amol V. and Ranginwala, Sarah and Sanchez, M. Margarette and Torres, Hansen",
    journal = "Physical Review D",
    title = "{Constraining electron number density in the Sun via Earth-based neutrino flavor data}",
    eprint = "2404.06468",
    archivePrefix = "arXiv",
    primaryClass = "astro-ph.SR",
    month = "4",
    year = "2024"
}

@misc{myProject,
  author = "Melanie Zaidel and John Beacom",
  howpublished = "Private communication",
  year = "2023",
  month = "October"
}

@article{Acharya2024,
    author = "Acharya, B. and others",
    title = "{Solar fusion III: New data and theory for hydrogen-burning stars}",
    eprint = "2405.06470",
    archivePrefix = "arXiv",
    primaryClass = "astro-ph.SR",
    reportNumber = "N3AS-24-016",
    journal = "Reviews of Modern Physics",
    month = "5",
    year = "2024"
}

@article{Zhou2016,
    author = "Zhou, Bei and Ng, Kenny C. Y. and Beacom, John F. and Peter, Annika H. G.",
    title = "{TeV Solar Gamma Rays From Cosmic-Ray Interactions}",
    eprint = "1612.02420",
    archivePrefix = "arXiv",
    primaryClass = "astro-ph.HE",
    doi = "10.1103/PhysRevD.96.023015",
    journal = "Phys. Rev. D",
    volume = "96",
    number = "2",
    pages = "023015",
    year = "2017"
}

@article{Bartoli2015,
    author = "Bartoli, B. and others",
    collaboration = "ARGO-YBJ",
    title = "{Argo-ybj Observation of the Large-scale Cosmic ray Anisotropy During the Solar Minimum Between Cycles 23 and 24}",
    eprint = "2112.14891",
    archivePrefix = "arXiv",
    primaryClass = "astro-ph.HE",
    doi = "10.1088/0004-637X/809/1/90",
    journal = "Astrophys. J.",
    volume = "809",
    number = "1",
    pages = "90",
    year = "2015"
}

@BOOK{Aschwanden2005,
       author = {{Aschwanden}, Markus J.},
        title = "{Physics of the Solar Corona. An Introduction with Problems and Solutions (2nd edition)}",
         year = 2005,
        publisher = "{Springer}",
       adsurl = {https://ui.adsabs.harvard.edu/abs/2005psci.book.....A},
      adsnote = {Provided by the SAO/NASA Astrophysics Data System}
}

@article{Essig2018,
    author = "Essig, Rouven and Sholapurkar, Mukul and Yu, Tien-Tien",
    title = "{Solar Neutrinos as a Signal and Background in Direct-Detection  Experiments Searching for Sub-GeV Dark Matter With Electron Recoils}",
    eprint = "1801.10159",
    archivePrefix = "arXiv",
    primaryClass = "hep-ph",
    reportNumber = "YITB-SB-17-36, YITP-SB-17-36, CERN-TH-2017-194",
    doi = "10.1103/PhysRevD.97.095029",
    journal = "Phys. Rev. D",
    volume = "97",
    number = "9",
    pages = "095029",
    year = "2018"
}

@article{Agarwal2024,
    author = "Agarwal, S. and others",
    title = "{Solar flare observations with the Radio Neutrino Observatory Greenland (RNO-G)}",
    eprint = "2404.14995",
    archivePrefix = "arXiv",
    journal = "{Submitted}",
    primaryClass = "astro-ph.SR",
    month = "4",
    year = "2024"
}


@article{Corti2015,
    author = "Corti, C. and Bindi, Veronica and Consolandi, Cristina and Whitman, Kathryn",
    title = "{Solar Modulation of the Local Interstellar Spectrum with Voyager 1, AMS-02, PAMELA, and BESS}",
    eprint = "1511.08790",
    archivePrefix = "arXiv",
    primaryClass = "astro-ph.HE",
    doi = "10.3847/0004-637X/829/1/8",
    journal = "Astrophys. J.",
    volume = "829",
    number = "1",
    pages = "8",
    year = "2016"
}

@article{Xu_2023,
   title={Solar neutrino physics},
   volume={131},
   ISSN={0146-6410},
   url={http://dx.doi.org/10.1016/j.ppnp.2023.104043},
   DOI={10.1016/j.ppnp.2023.104043},
   journal={Progress in Particle and Nuclear Physics},
   publisher={Elsevier BV},
   author={Xu, Xun-Jie and Wang, Zhe and Chen, Shaomin},
   year={2023},
   month=jul, pages={104043} }

@article{Freedman_2001,
   title={Final Results from theHubble Space TelescopeKey Project to Measure the Hubble Constant},
   volume={553},
   ISSN={1538-4357},
   url={http://dx.doi.org/10.1086/320638},
   DOI={10.1086/320638},
   number={1},
   journal={The Astrophysical Journal},
   publisher={American Astronomical Society},
   author={Freedman, Wendy L. and Madore, Barry F. and Gibson, Brad K. and Ferrarese, Laura and Kelson, Daniel D. and Sakai, Shoko and Mould, Jeremy R. and Kennicutt, Jr., Robert C. and Ford, Holland C. and Graham, John A. and Huchra, John P. and Hughes, Shaun M. G. and Illingworth, Garth D. and Macri, Lucas M. and Stetson, Peter B.},
   year={2001},
   month=may, pages={47–72} }

@ARTICLE{Wolszczan1992,
       author = {{Wolszczan}, A. and {Frail}, D.~A.},
        title = "{A planetary system around the millisecond pulsar PSR1257 + 12}",
      journal = {Nature},
     keywords = {Binary Stars, Extrasolar Planets, Orbital Mechanics, Planetary Systems, Pulsars, Accretion Disks, Least Squares Method, Neutron Stars, Radio Astronomy, Supernova Remnants, Astrophysics},
         year = 1992,
        month = jan,
       volume = {355},
       number = {6356},
        pages = {145-147},
          doi = {10.1038/355145a0},
       adsurl = {https://ui.adsabs.harvard.edu/abs/1992Natur.355..145W},
      adsnote = {Provided by the SAO/NASA Astrophysics Data System}
}

@article{TXSneutrino,
   title={Neutrino emission from the direction of the blazar TXS 0506+056 prior to the IceCube-170922A alert},
   volume={361},
   ISSN={1095-9203},
   url={http://dx.doi.org/10.1126/science.aat2890},
   DOI={10.1126/science.aat2890},
   number={6398},
   journal={Science},
   publisher={American Association for the Advancement of Science (AAAS)},
   author={IceCube Collaboration},
   year={2018},
   month=jul, pages={147–151} }

@article{VandenBerg_2007,
   title={A Constraint on Z from Fits of Isochrones to the Color-Magnitude Diagram of M67},
   volume={666},
   ISSN={1538-4357},
   url={http://dx.doi.org/10.1086/521877},
   DOI={10.1086/521877},
   number={2},
   journal={The Astrophysical Journal},
   publisher={American Astronomical Society},
   author={VandenBerg, Don A. and Gustafsson, Bengt and Edvardsson, Bengt and Eriksson, Kjell and Ferguson, Jason},
   year={2007},
   month=aug, pages={L105–L108} }

@article{Garc2019,
   title={Asteroseismology of solar-type stars},
   volume={16},
   ISSN={1614-4961},
   url={http://dx.doi.org/10.1007/s41116-019-0020-1},
   DOI={10.1007/s41116-019-0020-1},
   number={1},
   journal={Living Reviews in Solar Physics},
   publisher={Springer Science and Business Media LLC},
   author={García, Rafael A. and Ballot, Jérôme},
   year={2019},
   month=sep }

@BOOK{DermerNMenon,
       author = {{Dermer}, Charles D. and {Menon}, Govind},
        title = "{High Energy Radiation from Black Holes: Gamma Rays, Cosmic Rays, and Neutrinos}",
         year = 2009,
        publisher = {Princeton Universit Press},
       adsurl = {https://ui.adsabs.harvard.edu/abs/2009herb.book.....D},
      adsnote = {Provided by the SAO/NASA Astrophysics Data System}
}

@BOOK{Aharonian,
       author = {{Aharonian}, Felix A.},
        title = "{Very high energy cosmic gamma radiation : a crucial window on the extreme Universe}",
         year = 2004,
          doi = {10.1142/4657},
        publisher = {World Scientific},
       adsurl = {https://ui.adsabs.harvard.edu/abs/2004vhec.book.....A},
      adsnote = {Provided by the SAO/NASA Astrophysics Data System}
}

@article{Cooray2016,
author = {Cooray, Asantha },
title = {Extragalactic background light measurements and applications},
journal = {Royal Society Open Science},
volume = {3},
number = {3},
pages = {150555},
year = {2016},
doi = {10.1098/rsos.150555},
URL = {https://royalsocietypublishing.org/doi/abs/10.1098/rsos.150555},
eprint = {https://royalsocietypublishing.org/doi/pdf/10.1098/rsos.150555}
}

@article{Franceschini_2008,
   title={Extragalactic optical-infrared background radiation, its time evolution and the cosmic photon-photon opacity},
   volume={487},
   ISSN={1432-0746},
   url={http://dx.doi.org/10.1051/0004-6361:200809691},
   DOI={10.1051/0004-6361:200809691},
   number={3},
   journal={Astronomy \& Astrophysics},
   publisher={EDP Sciences},
   author={Franceschini, A. and Rodighiero, G. and Vaccari, M.},
   year={2008},
   month=jun, pages={837–852} }

@article{Scuflaire_2007,
   title={CLÉS, Code Liégeois d’Évolution Stellaire},
   volume={316},
   ISSN={1572-946X},
   url={http://dx.doi.org/10.1007/s10509-007-9650-1},
   DOI={10.1007/s10509-007-9650-1},
   number={1–4},
   journal={Astrophysics and Space Science},
   publisher={Springer Science and Business Media LLC},
   author={Scuflaire, R. and Théado, S. and Montalbán, J. and Miglio, A. and Bourge, P.-O. and Godart, M. and Thoul, A. and Noels, A.},
   year={2007},
   month=nov, pages={83–91} }

@article{fusionGraphics,
author = {Villante, F. and Serenelli, Aldo},
year = {2021},
month = {03},
pages = {},
title = {The Relevance of Nuclear Reactions for Standard Solar Models Construction},
volume = {7},
journal = {Frontiers in Astronomy and Space Sciences},
doi = {10.3389/fspas.2020.618356}
}

@ARTICLE{convectiveZone,
       author = {{Basu}, Sarbani},
        title = "{Effects of errors in the solar radius on helioseismic inferences}",
      journal = {Monthly Notices of the Royal Astronomical Society},
     keywords = {convection, Sun: abundances, Sun: activity, Sun: interior, Sun: oscillations, Astrophysics},
         year = 1998,
        month = aug,
       volume = {298},
       number = {3},
        pages = {719-728},
          doi = {10.1046/j.1365-8711.1998.01690.x},
archivePrefix = {arXiv},
       eprint = {astro-ph/9712133},
 primaryClass = {astro-ph},
       adsurl = {https://ui.adsabs.harvard.edu/abs/1998MNRAS.298..719B},
      adsnote = {Provided by the SAO/NASA Astrophysics Data System}
}

@misc{NSF_2020,author={National Science Foundation}, url={https://new.nsf.gov/news/nsfs-newest-solar-telescope-produces-first-images}, journal={NSF}, year={2020}, month={Jan}} 

@MISC{transportImage,
    author = {{Wikipedia, the free encyclopedia}},
    title = {Heat Transfer in Stars},
    year = {2021},
    note = {[Online; accessed June 15, 2023]},
    url = {https://en.wikipedia.org/wiki/Stellar_structure#/media/File:Heat_Transfer_in_Stars.svg}
}

@BOOK{Rybicki1979,
       author = {{Rybicki}, George B. and {Lightman}, Alan P.},
        title = "{Radiative processes in astrophysics}",
         year = 1979,
       adsurl = {https://ui.adsabs.harvard.edu/abs/1979rpa..book.....R},
        publisher = "{John Wiley \& Sons Inc}",
      adsnote = {Provided by the SAO/NASA Astrophysics Data System}
}